@INPROCEEDINGS{AS13,
  author = {Andrew Author and Sean Secondauthor},
  title = {Science and other things of life},
  booktitle = {Proc. 100th International Conference on Scientific Issues (ICSI 2013)},
  year = {2013},
  pages = {100--110}
}

@MISC{A13,
  author = {Web Administrator},
  title = {Web page to be referenced},
  howpublished = {\url{http://www.ronpub.com}},
  year = {accessed 29th July 2013}
}

@MISC{IEEE13a,
  author = {IEEE},
  title = {Manuscript Templates for Conference Proceedings},
  howpublished = {\url{http://www.ieee.org/conferences_events/conferences/publishing/templates.html}},
  year = {accessed 29th July 2013}
}

@MISC{IEEE13b,
  author = {IEEE},
  title = {Article Templates and Instructions},
  howpublished = {\url{http://www.ieee.org/publications_standards/publications/authors/author_templates.html}},
  year = {accessed 29th July 2013}
}

@MISC{ACM13,
  author = {ACM},
  title = {ACM Proceedings Templates},
  howpublished = {\url{www.acm.org/chapters/policy/toolkit/template.html}},
  year = {accessed 29th July 2013}
}

@ARTICLE{AS12,
  author = {Journal Author and Jimmy Secondauthor},
  title = {Very important article about a complete work},
  journal = {Open Journal of This and That (IOJTaT)},
  volume = {1},
  number = {1},  
  year = {2012}
}

@Book{Gro11,
  author    = {Sven Groppe},
  title     = {{Data Management and Query Processing in Semantic Web Databases}},
  publisher = {Springer},
  month	=   {May},
  year	    = {2011},
}

@Book{Y89,
  author    = {M. Young},
  title     = {{The Technical Writer's Handbook}},
  publisher = {Mill Valley, CA: University Science},
  year	    = {1989},
}

@Inbook{DrFlGr09,
  author	=   {Matthias Droop and Markus Flarer and Jinghua Groppe and Sven Groppe and Volker Linnemann and Jakob Pinggera and Florian Santner and Michael Schier and Felix Sch\"opf and Hannes Staffler and Stefan Zugal},
  chapter	=   {Bringing the XML and Semantic Web Worlds Closer: Transforming XML into RDF and Embedding XPath into SPARQL},
  title		=   {{Enterprise Information Systems, 10th International Conference, ICEIS 2008, Barcelona, Spain, June 12-16, 2008, Revised Selected Papers, Lecture Notes in Business Information Processing}},
  year		=   {2009},
  pages		=   {21--45},
  publisher	=   {Springer},
  isbn		=   {ISBN 978-3-642-00669-2},
  doi		=   {http://dx.doi.org/10.1007/978-3-642-00670-8_3 },
  copyright	=   {Springer}
}