%% LaTeX2e file `main_no_dashes_at_repeated_names.bib'
%% generated by the `filecontents' environment
%% from source `main' on 2021/06/24.
%%
@IEEEtranBSTCTL{IEEEexample:BSTcontrol,
CTLdash_repeated_names= "no",
}
